@online{TweetAtosAcquisition,
    ALTauthor = {Alan Lepofsky},
    title = {Atos one of world's fastest growing systems integrators/service providers},
    url = {https://twitter.com/alanlepo/status/689806517520965633},
    date = {2016-01-20}
}

@online{OrganisationES,
    ALTauthor = {Groupe ÉS},
    title = {Organisation du groupe},
    url = {http://www.es-groupe.fr/content/download/1224/8476/version/1/file/organigramme.pdf},
    urldate = {2017-12-29}
}

@online{wiki:DMZ,
    author = {Wikipédia},
    title = {Zone démilitarisée (informatique)},
    year = {2017},
    url = {https://fr.wikipedia.org/wiki/Zone_démilitarisée_(informatique)},
    date = {2017-03-15},
    urldate = {2017-12-29}
}

@online{wiki:REST,
    author = {Wikipédia},
    title = {Representational state transfer},
    year = {2017},
    url = {https://fr.wikipedia.org/wiki/Representational_state_transfer},
    date = {2017-12-28},
    urldate = {2017-12-29}
}

@online{wiki:AJAX,
    author = {Wikipédia},
    title = {Ajax (informatique)},
    year = {2017},
    url = {https://fr.wikipedia.org/wiki/Ajax_(informatique)},
    date = {2017-12-14},
    urldate = {2017-12-29}
}

@online{wiki:changelog,
    author = {Wikipédia},
    title = {Changelog},
    year = {2016},
    url = {https://fr.wikipedia.org/wiki/Changelog},
    date = {2016-12-26},
    urldate = {2017-12-29}
}

@online{wiki:SGBD,
    author = {Wikipédia},
    title = {Changelog},
    year = {2017},
    url = {https://fr.wikipedia.org/wiki/Système_de_gestion_de_base_de_données},
    date = {2017-11-11},
    urldate = {2017-12-29}
}

@online{wiki:hibernate,
    author = {Wikipédia},
    title = {Hibernate},
    year = {2017},
    url = {https://fr.wikipedia.org/wiki/Hibernate},
    date = {2017-12-19},
    urldate = {2017-12-29}
}

@online{wiki:batch,
    author = {Wikipédia},
    title = {Traitement par lots},
    year = {2017},
    url = {https://fr.wikipedia.org/wiki/Traitement_par_lots},
    date = {2017-12-01},
    urldate = {2017-12-29}
}

@online{wiki:cycleV,
    author = {Wikipédia},
    title = {Cycle en V},
    year = {2017},
    url = {https://fr.wikipedia.org/wiki/Cycle_en_V},
    date = {2017-09-17},
    urldate = {2017-12-30}
}

@online{wiki:agile,
    author = {Wikipédia},
    title = {Méthode agile},
    year = {2017},
    url = {https://fr.wikipedia.org/wiki/Méthode_agile},
    date = {2017-12-05},
    urldate = {2017-12-30}
}

@online{wiki:svn,
    author = {Wikipédia},
    title = {Apache Subversion},
    year = {2016},
    url = {https://fr.wikipedia.org/wiki/Apache_Subversion},
    date = {2016-12-31},
    urldate = {2018-01-03}
}